<record><leader>00000cas a22000007a 4500</leader><controlfield tag="001">21682996</controlfield><controlfield tag="008">900604d18971903moucr ne      0    0eng d</controlfield><datafield ind1=" " ind2=" " tag="010"><subfield code="a">sn 90061756 </subfield></datafield><datafield ind1=" " ind2=" " tag="040"><subfield code="a">MQN</subfield><subfield code="b">eng</subfield><subfield code="c">MQN</subfield><subfield code="d">OCLCQ</subfield></datafield><datafield ind1=" " ind2=" " tag="042"><subfield code="a">msc</subfield></datafield><datafield ind1="0" ind2="4" tag="245"><subfield code="a">The Putnam journal.</subfield></datafield><datafield ind1=" " ind2=" " tag="260"><subfield code="a">Unionville, Mo. :</subfield><subfield code="b">J.E. Burnham,</subfield><subfield code="c">1897-1903.</subfield></datafield><datafield ind1=" " ind2=" " tag="300"><subfield code="a">v.</subfield></datafield><datafield ind1=" " ind2=" " tag="310"><subfield code="a">Semiweekly,</subfield><subfield code="b">Sept. 22-Dec. 29, 1903</subfield></datafield><datafield ind1=" " ind2=" " tag="321"><subfield code="a">Weekly,</subfield><subfield code="b">Feb. 26-&lt;May 14, 1897&gt;</subfield></datafield><datafield ind1=" " ind2=" " tag="321"><subfield code="a">Semiweekly,</subfield><subfield code="b">&lt;Apr. 27&gt;-Aug. 3, 1899</subfield></datafield><datafield ind1=" " ind2=" " tag="321"><subfield code="a">Weekly,</subfield><subfield code="b">Aug. 10, 1899-Sept. 17, 1903</subfield></datafield><datafield ind1="0" ind2=" " tag="362"><subfield code="a">Vol. 21, no. 5 (Feb. 26, 1897)-v. 16, no. 66 (Dec. 29, 1903).</subfield></datafield><datafield ind1=" " ind2=" " tag="752"><subfield code="a">United States</subfield><subfield code="b">Missouri</subfield><subfield code="c">Putnam</subfield><subfield code="d">Unionville.</subfield></datafield><datafield ind1="0" ind2="0" tag="780"><subfield code="t">Putnam democrat (Unionville, Mo.)</subfield><subfield code="w">(DLC)sn 92058838</subfield></datafield><datafield ind1="0" ind2="0" tag="785"><subfield code="t">Putnam journal news</subfield><subfield code="w">(DLC)sn 90061757</subfield></datafield></record>